@book{ismay2019statistical,
  title={Statistical Inference via Data Science: A ModernDive into {R} and the Tidyverse},
  author={Ismay, Chester and Kim, Albert Y},
  year={2019},
  publisher={CRC Press},
  doi="10.1080/00224065.2020.1848366"
}

@article{baumer2020teaching,
  title={Teaching Introductory Statistics with DataCamp},
  author={Baumer, Benjamin S and Bray, Andrew P and {\c{C}}etinkaya-Rundel, Mine and Hardin, Johanna S},
  journal={Journal of Statistics Education},
  volume={28},
  number={1},
  pages={89--97},
  year={2020},
  publisher={Taylor \& Francis},
  doi="10.1080/10691898.2020.1730734"
}

@article{cetinkaya2021fresh,
  title={A fresh look at introductory data science},
  author={{\c{C}}etinkaya-Rundel, Mine and Ellison, Victoria},
  journal={Journal of Statistics and Data Science Education},
  volume={29},
  number={sup1},
  pages={S16--S26},
  year={2021},
  publisher={Taylor \& Francis},
  doi="10.1080/10691898.2020.1804497"
}

@article{fergusson2021introducing,
  title={Introducing teachers who use GUI-driven tools for the randomization test to code-driven tools},
  author={Fergusson, Anna and Pfannkuch, Maxine},
  journal={Mathematical Thinking and Learning},
  pages={1--21},
  year={2021},
  publisher={Taylor \& Francis},
  doi="10.1080/10986065.2021.1922856"
}

@article{loy2021bringing,
  title={Bringing Visual Inference to the Classroom},
  author={Loy, Adam},
  journal={Journal of Statistics and Data Science Education},
  pages={1--12},
  year={2021},
  publisher={Taylor \& Francis},
  doi="10.1080/26939169.2021.1920866"
}

@article{mclean2021controlled,
  title={Controlled Cytoplast Arrest and Morula Aggregation Enhance Development, Cryoresilience, and In Vivo Survival of Cloned Sheep Embryos},
  author={McLean, Zachariah Louis and Appleby, Sarah Jane and Fermin, Lisanne Monique and Henderson, Harold Victor and Wei, Jingwei and Wells, David Norman and Oback, Bj{\"o}rn},
  journal={Cellular Reprogramming},
  volume={23},
  number={1},
  pages={14--25},
  year={2021},
  publisher={Mary Ann Liebert, Inc., publishers 140 Huguenot Street, 3rd Floor New~…},
  doi="10.1089/cell.2020.0078"
}

@article{ask2021per,
  title={Per-and Polyfluoroalkyl Substances Are Positively Associated with Thyroid Hormones in an Arctic Seabird},
  author={Ask, Amalie Vigdel and Jenssen, Bj{\o}rn Munro and Tartu, Sabrina and Angelier, Fr{\'e}d{\'e}ric and Chastel, Olivier and Gabrielsen, Geir Wing},
  journal={Environmental Toxicology and Chemistry},
  volume={40},
  number={3},
  pages={820--831},
  year={2021},
  publisher={Wiley Online Library},
  doi="10.1002/etc.4978"
}

@article{fallon2021single,
  title={Single cell morphological metrics and cytoskeletal alignment regulate VCAM-1 protein expression},
  author={Fallon, Meghan E and Hinds, Monica T},
  journal={Biochemical and Biophysical Research Communications},
  volume={555},
  pages={160--167},
  year={2021},
  publisher={Elsevier},
  doi="10.1016/j.bbrc.2021.03.129"
}

@article{kuhn2020tidymodels,
  title={Tidymodels: a collection of packages for modeling and machine learning using tidyverse principles},
  author={Kuhn, M and Wickham, H},
  journal={Boston, MA, USA.},
  year={2020},
  url={https://tidymodels.org}
}

@article{wickham2019welcome,
  title={Welcome to the Tidyverse},
  author={Wickham, Hadley and Averick, Mara and Bryan, Jennifer and Chang, Winston and McGowan, Lucy D'Agostino and Fran{\c{c}}ois, Romain and Grolemund, Garrett and Hayes, Alex and Henry, Lionel and Hester, Jim and others},
  journal={Journal of Open Source Software},
  volume={4},
  number={43},
  pages={1686},
  year={2019},
  doi="10.21105/joss.01686"
}

@Manual{CRAN,
  title        = {R: A Language and Environment for Statistical
                  Computing},
  author       = {{R Core Team}},
  organization = {R Foundation for Statistical Computing},
  address      = {Vienna, Austria},
  year         = 2021,
  url = {https://www.R-project.org/}
}

@article{downey2016,
  title={There is still only one test},
  author={Downey, Allen B},
  year={2016},
  publisher={"Probably Overthinking It"},
  url = {http://allendowney.blogspot.com/2016/06/there-is-still-only-one-test.html}
}

@Article{r-mosaic,
  author = {Randall Pruim and Daniel T Kaplan and Nicholas J Horton},
  title = {The mosaic Package: Helping Students to 'Think with Data' Using {R}},
  journal = {The R Journal},
  volume = {9},
  number = {1},
  pages = {77--102},
  year = {2017},
  url = {https://journal.r-project.org/archive/2017/RJ-2017-024/index.html},
}

@Article{r-statsExpressions,
  doi = {10.21105/joss.03236},
  url = {https://doi.org/10.21105/joss.03236},
  year = {2021},
  publisher = {{The Open Journal}},
  volume = {6},
  number = {61},
  pages = {3236},
  author = {Indrajeet Patil},
  title = {{statsExpressions: {R} Package for Tidy Dataframes and Expressions with Statistical Details}},
  journal = {{Journal of Open Source Software}},
}

@Article{r-parameters,
  title = {Extracting, Computing and Exploring the Parameters of Statistical Models using {R}.},
  volume = {5},
  doi = {10.21105/joss.02445},
  number = {53},
  journal = {Journal of Open Source Software},
  author = {Daniel Lüdecke and Mattan S. Ben-Shachar and Indrajeet Patil and Dominique Makowski},
  year = {2020},
  pages = {2445},
}
  
@Manual{r-broom,
  title = {broom: Convert Statistical Objects into Tidy Tibbles},
  author = {David Robinson and Alex Hayes and Simon Couch},
  year = {2021},
  note = {R package version 0.7.9},
  url = {https://CRAN.R-project.org/package=broom},
}
